2846 4792
445 376 592 441 *204
641 361 778 428 ct.
820 355 1002 423 xix.
1057 341 1449 425 SYNGEN.
1490 356 1824 425 PotYG.
1865 313 2528 427 FRUSTRANEA.

547 535 1008 621 monoaox'b,
1051 533 1199 604 five
1238 538 1768 621 Jiocnymnmii
1796 529 2126 620 nnbmb.
2156 540 2367 606 Russ.
2410 541 2582 603 Λο-

547 659 988 729 cxrymumta
1043 634 1510 727 nbpncmafl.
1560 637 1731 703 Sob.

543 802 722 886 563.
748 800 1333 871 'CENTAUREA
1364 801 1765 868 CYANUS.
1808 802 2200 891 calycibus
2239 801 2575 889 serratio,

543 905 750 973 foliis
793 902 1201 972 linearibus
1252 902 1746 990 integerrimis
1777 952 1800 993 ,
1878 907 2149 975 infimis
2200 906 2571 982 dentatis.

462 1069 465 1070 γ
542 1008 926 1103 (corollis
999 1004 1459 1073 radiantibus
1535 1005 2130 1078 horizontalibus
2196 1032 2497 1078 novem.
2529 1003 2572 1101 -)

548 1108 940 1210 (G.),F10r.
982 1112 1150 1178 dan.
1199 1121 1255 1177 t.
1302 1124 1471 1198 993.
1516 1115 1839 1203 cyanus,
1892 1113 2167 1181 officin.

440 1229 452 1236 .
520 1252 670 1349 ”Est
713 1253 1202 1343 vulgetisfima
1252 1252 1452 1319 inter
1488 1253 1803 1343 segetes.
1845 1256 2097 1327 Floret
2135 1254 2341 1323 Iunio
2374 1302 2396 1344 ,
2436 1258 2592 1320 Iu·-

553 1356 690 1426 lio.
733 1356 830 1451 O
871 1356 1306 1426 Bacmieizb.
1349 1361 1561 1448 Russ.
2561 1363 2570 1369 ’

554 1519 732 1603 564.
783 1519 1343 1589 CENTUAREA
1383 1521 1859 1588 SCABIOSA.
1921 1518 2315 1609 Calyoibus
2355 1516 2581 1585 cilia-

557 1624 685 1709 tis,
733 1622 935 1690 foliis
976 1624 1458 1713 pinnatifidis,
1506 1623 1798 1691 laciniis
1840 1622 2302 1716 lancenolatis.
2343 1621 2583 1716 (Cau-

554 1727 653 1794 lis
695 1739 775 1801 et
816 1726 992 1796 folia
1036 1728 1316 1795 scabra.
1357 1733 1585 1795 Ramo
1626 1728 2023 1796 :terminari
2073 1729 2258 1812 flore
2299 1747 2582 1816 perpe-

556 1844 693 1900 tuo
728 1832 1096 1901 breviore.
1139 1832 1418 1899 Variat:
1464 1832 1813 1898 foliorum
1841 1832 2091 1920 pinnis
2134 1831 2587 1899 lanceolatis

560 1948 640 2005 et
681 1930 1147 2031 linearibus.)
1187 1929 1340 2031 (G.)
1384 1935 1743 2024 Sowerby
1781 1936 1981 2026 engl.
2022 1936 2176 2003 bot.
2217 1947 2271 2002 t.
2315 1934 2442 2019 56.

558 2079 864 2147 Habitat
916 2078 994 2143 in
1037 2091 1288 2149 monte
1347 2079 1700 2167 Pulcovo.
1761 2079 1961 2145 circa
2014 2076 2452 2155 Strelinam,
2498 2075 2588 2140 in

563 2195 823 2251 monte
863 2182 1308 2271 P-oclonnaja
1351 2196 1432 2272 et
1474 2185 1860 2268 Mutinae,
1905 2180 2220 2271 aliisque
2261 2183 2336 2246 in
2382 2180 2584 2247 locis

564 2285 912 2356 montosis
959 2298 1037 2356 et
1075 2267 1390 2383 sylvofis.
1433 2288 1686 2356 Floret
1722 2269 1994 2372 Iunio,
2049 2287 2265 2353 Iulio.
2310 2282 2392 2378 21.
2425 2290 2584 2350 Ao-

569 2412 1016 2482 cxymnmra
1059 2387 1894 2481 cnep6bfflnoancman.
1938 2395 2147 2460 Russ.
2189 2389 2363 2457 Sob.

557 2552 744 2638 565.
837 2555 1400 2622 CENTAUREA
1433 2556 1742 2647 JACEA.
1820 2552 2217 2644 Calyoibus
2254 2550 2590 2620 scariofis

567 2657 884 2742 laceriS,
946 2652 1152 2722 foliis
1208 2658 1674 2728 lanceolatis·
1748 2658 2202 2727 radicalibus
2260 2657 2593 2723 finnato-

569 2762 927 2845 dentatis,
970 2762 1194 2828 ramis
1232 2763 1620 2852 angulatis.
1666 2762 2037 2859 (Squamis
2078 2762 2434 2849 calycinis
2477 2760 2594 2827 la-

443 2910 445 2914 ι
567 2868 773 2937 mina
809 2864 1036 2931 fusca.
1109 2868 1364 2934 Variat
1406 2867 1609 2934 foliis
1651 2867 2106 2936 radicalibus
2155 2865 2462 2954 integris
2507 2875 2597 2933 et

572 2964 1097 3061 pinnatifidis.)
1141 2966 1321 3067 (G.)
1336 2970 1527 3038 Flor.
1577 2972 1747 3038 dan.
1792 2983 1848 3038 t.
1891 2989 2064 3057 519.
2156 2981 2160 2986 ’

565 3113 923 3182 Habitat
901 3135 978 3178 in
1007 3113 1229 3201 sylvis
1268 3126 1344 3182 et
1374 3115 1608 3205 pratis
1635 3115 1914 3204 pasfim.
1931 3112 2180 3180 Floret
2196 3111 2600 3198 Iulio,Au-

573 3217 807 3307 gusto.
840 3215 922 3311 21.
949 3224 1514 3306 Aocssymnmia
1541 3237 2143 3309 meaiymtiamafl.
2126 3221 2373 3284 ..Russ
2408 3215 2594 3284 Sob.

616 3392 1453 3540 ,POLYGAMIA
1517 3397 2381 3515 NEcEssARIA.

472 3639 838 3706 FILAGO.
912 3636 1500 3724 Receptaculurn
1539 3641 1820 3708 nudum
1852 3691 1873 3729 ‚
1922 3638 2162 3730 paleis
2215 3639 2311 3707 ad
2347 3633 2611 3706 latera

582 3742 860 3830 calycis
937 3740 1279 3808 flosculos
1350 3744 1999 3834 distinguentibus.
2060 3750 2355 3834 Pappus
2435 3742 2612 3808 nul-

581 3846 698 3915 lus
724 3893 746 3933 ,
803 3842 931 3910 vel
967 3845 1216 3914 brevis
1255 3848 1587 3939 simplex,
1629 3850 1863 3940 Calyx
1899 3849 2362 3916 imbricatuS.
2407 3847 2616 3914 Flos-

584 3950 740 4018 culi
803 3945 1154 4047 foeminei
1192 3957 1470 4044 partim
1509 3956 1787 4049 apetali
1844 3956 2042 4026 inter
2077 3954 2422 4043 squamas
2490 3974 2621 4022 ca-

583 4054 780 4157 lycis
820 4049 1076 4126 locati.
