2846 4792
276 605 1022 700 LECTORI
1161 562 2408 739 BoTANoPHiLo

1281 978 1393 1074 ,8.

497 1268 793 1354 Operae
835 1265 1165 1355 pretium
1206 1262 1353 1334 effe
1386 1273 1736 1353 putamus
1775 1263 2041 1356 paucis
2083 1282 2412 1352 expone·

289 1388 370 1438 re
422 1364 647 1454 hujus
713 1370 1049 1460 opusculi
1116 1372 1505 1439 rationem.
1572 1372 1763 1438 Clar.
1823 1371 1936 1437 vi'r
1992 1368 2412 1457 Stephanus

293 1472 1005 1540 Krascheninnikow
1056 1476 1427 1562 quondam
1481 1476 1874 1543 Botanices
1930 1486 2006 1540 et
2047 1471 2411 1538 Historiae

292 1577 663 1642 naturalis
698 1578 1058 1646 Professor
1091 1575 1727 1667 Petropolitanu8‚
1771 1576 2106 1644 absoluto
2147 1577 2415 1645 decem

291 1699 657 1748 annorum
693 1702 828 1769 per
848 1681 1518 1770 Sibiriamitinere,
1563 1684 1655 1749 ad
1686 1680 2079 1749 Botanices
2115 1682 2416 1771 provin-

297 1785 483 1851 ciam
528 1786 907 1875 Petropoli
949 1778 1596 1853 administrandam
1633 1795 1946 1855 evectus
2001 1808 2096 1853 ex
2138 1782 2416 1874 profes-

293 1891 365 1953 so
409 1900 653 1955 totam
690 1891 1009 1976 Ingriam
1048 1911 1447 1979 peragrans
1484 1893 1779 1981 plantas
1821 1888 2079 1957 obvias
2138 1888 2415 1955 studio-

294 1992 555 2058 fisfime
617 1993 1110 2085 examinavit,
1151 2005 1496 2065 accurate
1541 1992 1964 2082 descripfit,
2023 1993 2415 2080 doctisque
2479 2013 2484 2017 ·

297 2096 939 2164 observationibus
1011 2098 1446 2189 illustravit,
1494 2102 1765 2187 easque
1841 2097 1936 2163 ad
1976 2096 2414 2162 methodum

299 2198 591 2287 Royeni
636 2200 1040 2290 disposuit,
1070 2215 1291 2289 atque
1336 2196 1675 2271 codicem
1713 2203 1917 2269 suum
1963 2202 2416 2290 manuscrip-

297 2313 455 2369 tum
491 2302 791 2392 plantas
832 2309 974 2387 506
1049 2309 1587 2394 continentem,
1626 2318 1797 2374 ante
1827 2318 2144 2375 mortem
2182 2307 2415 2392 suam,

301 2409 754 2502 Academiae
795 2411 1269 2481 scientiarum
1306 2413 1644 2481 tradidit.

1719 2474 1755 2504 ,q

507 2666 725 2728 Hunc
777 2661 1116 2731 codicem
1173 2662 1348 2730 clar.
1406 2661 1520 2730 vir
1573 2663 1819 2732 David
1871 2662 1964 2731 de
1999 2666 2268 2730 Gorter
2319 2679 2419 2729 ex

307 2760 633 2831 archivis
661 2765 1110 2835 Academiae
1140 2778 1601 2855 protractum
1641 2789 1737 2834 ex
1764 2767 2184 2853 Ammanni‚
2223 2770 2419 2830 Bux-

307 2861 624 2956 baumii,
700 2870 1025 2938 Gmelini
1086 2883 1164 2938 et
1199 2869 1700 2955 Siegesbeckii
1744 2867 2097 2960 operibus
2161 2867 2416 2952 auxit,

307 2966 602 3056 plantas
667 2974 924 3041 obvias
975 2972 1379 3063 diligenter
1434 2972 1577 3043 ase
1620 2974 2047 3043 observatas
2109 2971 2421 3038 inseruit

309 3071 806 3167 Methodoque
837 3078 1256 3147 Linnaeana
1291 3078 1691 3161 secundum
1726 3078 2051 3165 Systema
2087 3081 2417 3143 Naturae

312 3177 661 3247 editionis
704 3181 1474 3274 decimae'disposuit,
1518 3195 1738 3271 atque
1779 3202 1972 3253 anno
2021 3179 2235 3267 1761,
2283 3177 2412 3246 sub

312 3284 611 3352 nomine
650 3284 910 3354 Florae
968 3288 1309 3375 Ingricae
1347 3288 1564 3381 prelo
1601 3288 2029 3356 submittere
2075 3284 2417 3369 curavit,

313 3383 589 3456 deinde
628 3408 820 3458 anno
865 3388 1046 3475 1764
1077 3391 1596 3481 Appendicem
1635 3393 2057 3483 plantarum
2096 3410 2139 3456 a
2170 3388 2416 3456 celeb.

314 3490 496 3557 viris
559 3493 770 3562 Erico
837 3498 1317 3584 Laxmanno,
1365 3496 1620 3564 Falkio
1650 3545 1677 3587 ‚
1759 3493 2289 3563 Lomonosovio
2335 3500 2417 3560 et

318 3593 690 3663 Staehlino
744 3600 1209 3667 detentarum
1250 3599 1592 3690 addidit,
1632 3600 1949 3670 afferens
1990 3620 2133 3688 que
2173 3597 2248 3672 in
2290 3596 2423 3661 sua

313 3698 777 3787 praefatione
819 3724 988 3793 pag.
1034 3703 1106 3771 6.
1161 3708 1392 3797 „Ea‘m
1432 3704 1776 3796 publici
1754 3707 1936 3793 juris
1972 3704 2223 3771 faeere
2267 3720 2417 3765 non
2525 3739 2534 3750 -

245 3796 578 3895 ‚,ideo,
626 3809 826 3895 quod
862 3810 1154 3895 Ingrica
1181 3808 1404 3880 tellus
1434 3808 1770 3929 proferat
1809 3810 2103 3901 plantas
2140 3807 2214 3872 in
2249 3804 2421 3871 aliis

317 3909 685 3999 „Impem
725 3912 1028 4001 Rustici,
1078 3925 1219 3987 aut
1257 3915 1616 4004 proximis
1660 3917 1966 3984 Sveciae
2007 3908 2425 4009 provinciis
2453 3965 2457 3969 .

296 4013 871 4110 „ricemer-atas,
929 4017 1054 4087 sed
1095 4032 1177 4088 ut
1214 4019 1505 4110 Ingrica
1544 4019 1783 4090 etiam
1814 4021 2152 4089 exstaret
2173 4017 2422 4104 Flora,

2725 4009 2777 4092 A

301 4129 555 4222 mcum
597 4121 1008 4218 europaea'e
1048 4122 1208 4200 fere
1252 4145 1510 4198 omnes
1544 4126 2013 4232 prodierunt.
2048 4169 2104 4218 η
2164 4153 2272 4182 --
2376 4091 2726 4545 s
2774 4113 2776 4168 J
