2846 4792
387 432 460 496 11

478 677 481 682 ,
627 610 849 679 Nunc
885 624 1066 673 vero
1109 605 1299 672 aliae
1340 604 1505 672 sunt
1542 606 1911 692 rationes,
1965 623 2097 673 cur
2134 605 2321 675 haec
2358 606 2522 674 Flo-

406 732 488 778 ra
524 708 1084 800 Petropolitana
1110 710 1186 774 in
1220 712 1464 778 lucem
1493 705 1836 797 prodeat.
1870 717 2056 777 Nam
2087 713 2175 778 ab
2210 733 2300 779 eo
2329 723 2518 777 tem-

406 836 596 904 pore
646 815 956 882 scientia
996 813 1152 903 ipsa
1192 814 1539 882 butanica
1594 817 1911 880 maxima
1950 815 2216 906 adepta
2262 815 2368 880 est
2404 818 2516 881 in-

406 931 831 1004 crementa,
874 918 1348 998 characteres,
1378 919 1549 987 novi
1594 921 1877 988 detecti
1915 917 2103 1003 sunt3
2148 919 2519 987 definitio-

408 1044 536 1091 nes
571 1044 658 1090 ac
684 1021 983 1112 phrases
1010 1023 1403 1091 botanicae
1444 1025 1941 1090 accuratiores
1971 1024 2345 1111 pleniores
2375 1044 2517 1110 que

407 1112 451 1192 a
493 1126 711 1193 cellb.
773 1126 949 1194 viris
990 1132 1355 1213 Murrayo‚
1397 1130 1740 1216 laquino,
1781 1125 2109 1215 Scopoli,
2152 1129 2521 1214 crantzi0‚

406 1229 940 1318 Wildenowio‚
970 1229 1398 1316 Wiggerfi0‚
1433 1230 1798 1315 IusfieviO,
1840 1231 2178 1299 Gmelino
2210 1230 2520 1319 aliisque

409 1331 658 1401 factae
701 1332 900 1421 sunt,
969 1333 1315 1400 multisve
1359 1331 2001 1403 observationibus
2039 1345 2338 1407 ornatae
2382 1339 2529 1419 ita,

410 1448 492 1503 ut
546 1436 910 1529 plurimae
951 1437 1249 1525 plantae
1294 1457 1336 1501 a
1362 1437 1759 1504 botanicae
1805 1436 2192 1525 tyronibus
2229 1436 2523 1506 facilius

414 1548 636 1625 q'uam
678 1540 996 1609 antehac
1054 1539 1378 1627 dignosci
1429 1538 1862 1630 potuerint,
1920 1542 2119 1629 quod
2155 1554 2402 1609 coram
2446 1544 2526 1609 in

417 1643 879 1713 lectionibus
931 1633 1250 1733 publicis
1297 1644 1669 1733 discipulis
1723 1647 1908 1713 meis
1947 1669 2095 1713 non
2132 1646 2360 1714 semel
2402 1630 2529 1713 de.-

410 1749 836 1817 monstravi.
892 1749 1182 1817 Deinde
1224 1759 1446 1815 aucta
1484 1772 1776 1837 quoque
1829 1748 1936 1818 est
1987 1750 2378 1818 necessitas
2412 1773 2532 1816 ur-

428 1854 718 1942 gentior
773 1852 1110 1923 edendae
1164 1852 1377 1940 hujus
1417 1854 1670 1921 Florae
1724 1852 1818 1921 ob
1861 1868 2154 1922 auctam
2198 1856 2533 1921 multitu-

330 2014 333 2019 .
425 1958 682 2027 dinem
719 1956 1131 2024 Medicinae
1164 1976 1248 2022 ac
1283 1956 1703 2045 chirurgiae
1733 1958 2216 2025 studiosorum
2248 1960 2322 2024 in
2353 1960 2533 2025 duo-

431 2063 569 2129 bus
610 2059 1058 2151 amplisfimis.
1084 2060 1538 2129 Nosocomiis
1573 2063 2173 2150 Petropolitanis,
2206 2060 2536 2150 pedestri

432 2178 513 2234 et
548 2166 949 2249 maritime,
991 2186 1299 2254 quorum
1333 2150 1435 2230 ibi
1465 2166 1628 2256 plus
1667 2188 1883 2252 quam
1914 2168 2218 2235 ducenti
2246 2167 2538 2254 sumptu

436 2270 815 2359 Impe'riali
856 2268 1194 2357 aluntur,
1239 2281 1313 2336 et
1348 2270 1549 2336 inter
1576 2256 1910 2343 caeteras
1939 2271 2280 2337 scientias
2308 2271 2536 2337 etiam

419 2370 853 2442 Botanicem
912 2372 1293 2440 addiscunt
1339 2371 1748 2465 stirpesque
1801 2375 2185 2462 indigenas
2239 2370 2536 2462 cognos-

436 2499 611 2548 cere
650 2480 989 2567 cupiunt:
1023 2477 1481 2567 exemplaria
1508 2500 1686 2548 vero
1717 2478 1973 2547 Florae
2011 2477 2343 2566 Ingricae
2373 2478 2542 2542 sunt

430 2580 579 2667 jam
623 2580 970 2666 distrata,
1020 2580 1215 2649 unde
1249 2582 1361 2647 illi
1390 2582 1490 2656 ⁴in
1518 2581 1657 2651 hac
1699 2604 1777 2651 re
1818 2582 2203 2672 penuriam
2245 2581 2574 2669 patiun-

430 2695 578 2778 tur.
623 2692 888 2775 Itaque
930 2697 1013 2752 ut
1039 2675 1186 2751 illis
1213 2685 1834 2783 praestantissimis
1862 2685 2324 2754 auditoribus
2352 2683 2568 2756 meis¹

433 2792 840 2859 Botanicae
893 2813 1037 2879 que
1081 2790 1494 2859 cultoribus
1547 2792 1888 2878 ingenuis
1925 2787 2541 2862 succurreremin

437 2897 682 2961 animo
727 2894 1115 2979 constitui,
1157 2895 1446 2982 plantas
1485 2895 1678 2961 circa
1718 2895 2171 2983 Petropolim
2213 2894 2547 2962 crescen-

320 3044 325 3049 -
442 3005 553 3066 tes
595 2985 742 3065 tam
785 3018 936 3085 eaS,
981 3018 1167 3083 quae
1206 2998 1281 3062 in
1311 2997 1525 3065 Flora
1566 2997 1856 3082 Ingrica
1892 2995 2552 3067 Krascheninniko-

371 3143 379 3166 2
436 3102 544 3168 vii
607 3124 648 3169 a
689 3105 1002 3169 Gortero
1044 3113 1515 3168 enumeratae
1556 3101 1757 3184 sunt,
1811 3122 2027 3190 quam
2080 3119 2308 3165 novas
2346 3120 2386 3166 a
2426 3116 2547 3164 me

444 3227 634 3272 anno
691 3221 922 3291 1775,
968 3216 1045 3270 et
1083 3205 1558 3289 sequentibus
1588 3253 1608 3292 ,
1655 3215 1878 3291 atque
1920 3204 2177 3296 postea
2215 3224 2255 3269 a
2296 3201 2543 3270 celeb.

295 3304 298 3308 ’
342 3327 359 3392 j
440 3311 621 3377 viris
655 3307 1050 3399 Rudolpho
1082 3356 1105 3397 ‚
1146 3309 1633 3397 Boeberoque
1663 3296 2039 3397 detectas,
2079 3329 2265 3395 quae
2307 3309 2382 3373 in
2423 3305 2550 3372 de-

449 3414 858 3503 scriptione
940 3403 1298 3479 Gubernii
1352 3412 1882 3501 Petropolitani
1932 3435 1974 3481 a
2023 3412 2204 3481 clar.
2274 3408 2547 3497 Georgi

446 3527 954 3587 memorantur
981 3565 1005 3607 ,
1061 3516 1389 3603 aliasque
1432 3519 1755 3585 curatius
1805 3518 2288 3611 perlustratas
2325 3533 2549 3605 gene-

443 3625 598 3692 rice
648 3643 735 3689 ac
774 3621 1113 3710 specifice
1147 3621 1592 3712 describere,
1634 3621 1759 3690 sub
1791 3615 2083 3690 nomine
2116 3622 2373 3689 Florae
2417 3626 2551 3686 Pe·

445 3727 943 3816 tropolitanae
964 3775 986 3812 ,
1032 3747 1196 3792 narn
1234 3728 1600 3815 plurimae.
1633 3747 1884 3806 earum
1935 3730 2011 3796 in
2038 3717 2186 3820 ipsa
2216 3728 2396 3794 urbe
2425 3718 2557 3792 vel-

446 3856 594 3900 non
655 3832 843 3899 adeo
883 3834 1145 3918 procul
1197 3831 1286 3924 ab
1329 3832 1510 3901 urbe
1551 3834 1626 3897 in
1653 3831 1797 3922 hoc
1875 3831 2252 3902 Gubernio
2288 3848 2556 3919 prove-

455 3938 697 4020 niunt:
762 3947 984 4022 atque
1027 3957 1173 4003 non
1202 3937 1407 4023 iden,
1450 3948 1530 4003 ut
1572 3939 1792 4006 etiam
1831 3936 2388 4025 Petropolitana
2429 3953 2557 4000 ex·-

428 4041 681 4112 *staret
721 4041 959 4123 Flora,
1000 4061 1141 4109 nec
1182 4063 1319 4130 pro
1361 4042 1672 4112 eruditis
1709 4039 2103 4126 botanicis,
2145 4035 2274 4108 sed
2311 4048 2391 4105 ut
2424 4034 2557 4101 ha-

452 4143 680 4220 beant
707 4145 1001 4232 studiosi
1040 4145 1285 4218 nostri·
1307 4147 1534 4218 etiam
1561 4159 1861 4242 tyrones
1891 4144 2316 4234 elenchum,
2353 4139 2554 4212 unde
2627 4163 2660 4202 ,-
