2846 4792
670 624 1926 893 FLORA

484 1012 2144 1105 PETROPOLITANA

246 1257 580 1352 Sistens
622 1259 986 1386 plantas
1012 1267 1122 1352 'in
1166 1259 1628 1355 Gubernio
1658 1258 2352 1390 Petropolitano
2433 1288 2438 1293 ·

246 1405 567 1537 sponte
661 1404 1222 1517 crescente8‚
1309 1430 1506 1501 tarn
1578 1443 1737 1504 eas
1810 1444 2051 1539 quae
2133 1396 2359 1503 olim

244 1563 343 1650 in
382 1559 647 1648 Flora
686 1544 1035 1682 Ingrioa
1080 1555 1976 1651 Krascheninnikovii
2045 1592 2099 1650 a
2141 1565 2360 1649 Gor-

251 1725 450 1796 tero
516 1726 1112 1797 enumeratae
1167 1702 1391 1818 sunt,
1454 1739 1734 1835 quarn
1805 1738 2096 1798 novas
2154 1704 2363 1833 post

257 1885 589 1943 annum
678 1858 901 1984 1764
967 1851 1453 1982 hucusque
1550 1887 1605 1946 a
1658 1860 1929 1946 variis
2001 1861 2363 1946 Botani-

186 2071 190 2074 <
257 2005 384 2092 cis
453 2002 926 2126 Petropoli
980 1999 1534 2127 degentibus
1590 2000 2040 2110 detectas,
2112 2037 2357 2097 nunc

256 2179 471 2240 vero
599 2153 1025 2274 generice
1117 2182 1227 2242 ao
1318 2146 1742 2277 specifice
1814 2146 2359 2276 descriptas

258 2326 468 2386 cum
542 2293 1014 2389 additione
1064 2302 1525 2389 variarum
1586 2295 2357 2411 observationum,

261 2463 540 2574 atque
595 2441 948 2539 Rusfioa
997 2447 1523 2574 plantarum
1573 2444 2358 2564 denominatione,

914 2748 1724 2852 Curante

263 2953 460 3024 Med.
526 2957 747 3024 Doct.
791 2957 1052 3027 confil.
1093 2960 1262 3046 Aul.
1317 2959 1597 3048 Colleg.
1639 2965 1911 3048 Imper.
1955 2960 2228 3029 Medici
2282 2972 2367 3031 et

271 3060 623 3129 Societat.
661 3067 1062 3156 Oeconom.
1104 3065 1540 3151 Petropolit.
1592 3063 1862 3151 Sodali,
1895 3085 2031 3132 nec
2061 3087 2208 3132 non
2233 3069 2370 3132 Bo-

476 3175 634 3232 tan.
677 3184 762 3232 ac
802 3172 982 3232 Mat.
1029 3168 1221 3235 Med.
1264 3166 1672 3238 Professore
1718 3166 1925 3258 publ.
1969 3170 2130 3236 ord.

672 3342 1216 3453 ‘Gregorio
1273 3346 1909 3460 {obolewskffi
2051 3404 2056 3410 .

295 3550 298 3554 .
346 3590 532 3656 Cum
571 3589 1107 3680 approbatione
1161 3545 1476 3681 collegii
1514 3592 1930 3683 Imperialis
1968 3592 2277 3664 Medici.

840 3948 897 4013 P
949 3948 1010 4013 E
1070 3949 1139 4013 T
1176 3948 1234 4012 R
1289 3949 1341 4014 0
1392 3950 1449 4013 Ρ
1505 3951 1557 4016 0
1613 3956 1669 4020 L
1717 3950 1775 4016 Ι.

522 4069 775 4163 ιΤγΡίο
881 4071 1194 4159 collegii
1299 4053 1710 4166 Imperialis
1813 4070 2119 4174 Medici·

540 4227 548 4235 ’
1168 4216 1202 4269 ¹
1252 4215 1294 4289 7
1340 4220 1381 4291 9
1422 4218 1495 4292 9·
