2846 4792
405 378 534 444 cr..
581 375 767 438 x1x.
802 352 1216 437 SY'NGEN.
1276 373 1609 439 POLYG.
1661 373 2209 441 SUPERFLUA·
2275 390 2415 460 199

403 552 680 639 calycis
712 549 1020 636 squamis
1051 549 1387 635 setaceiS,
1416 546 1749 643 (floribus
1780 544 2419 640 subcorymbofis.)

401 653 563 752 (G.)
608 657 799 722 Flor.
847 655 1018 720 dan.
1074 664 1127 719 t.
1178 671 1347 730 410.

397 801 706 868 Habitat
771 798 864 863 ad
905 796 1119 861 fossas
1175 806 1251 861 et
1294 795 1588 862 canales
1628 795 2026 861 insularum
2067 792 2425 861 basileen-

398 904 513 989 fis,
563 914 638 970 et
683 900 1075 990 lapideae,
1129 919 1270 966 nec
1306 899 1470 964 ‘non
1513 901 1606 965 ad
1655 901 1805 966 vias
1848 898 2427 987 prore‚Nosoco-

403 1009 630 1073 mium
668 1005 1041 1094 pedestre,
1120 1014 1198 1069 et
1238 1003 1327 1067 in'
1358 1004 1523 1068 aliis
1563 1003 1748 1069 locis
1791 1003 2137 1069 humidis.
2180 1002 2428 1071 Floret

397 1111 595 1176 Iulio
627 1157 649 1197 ,
690 1107 1043 1196 Augusto.
1088 1104 1167 1198 2!-
1204 1109 1618 1191 fienacnasb
1676 1107 2022 1172 Menmii't.
2068 1110 2279 1173 Russ-

403 1307 604 1394 549.'
660 1311 955 1378 INULA
1020 1309 1475 1374 SALICINA.
1550 1307 1773 1373 Foliis
1828 1307 2268 1394 lanceolatis
2314 1327 2428 1374 re·

408 1413 657 1478 curvis
714 1411 1297 1477 serrato-scabris
1331 1458 1354 1499 ,
1406 1411 1621 1475 ramis
1672 1412 2071 1498 angulatiS,
2124 1414 2430 1478 floribus

406 1515 888 1582 inserioribus
930 1515 1343 1600 altioribuS,
1391 1515 1875 1608 (squamarum
1926 1516 2429 1610 calycinarum

411 1621 671 1686 ordine
717 1617 1055 1686 inferiori
1087 1617 1503 1688 rufescente
1536 1630 1818 1706 erectO,
1851 1618 2048 1685 foliis
2091 1612 2428 1708 villofis.)

402 1719 562 1815 (G.)
607 1724 794 1789 Flor.
847 1725 1014 1790 dan.
1067 1734 1118 1786 t.
1173 1717 1344 1806 786.

411 1841 715 1933 Habitat
774 1866 848 1929 in
889 1864 1123 1954 pratis
1178 1864 1599 1930 siccioribus
1648 1863 1973 1934 herbosis
2015 1877 2092 1934 et
2132 1865 2427 1953 sylvofis

410 1970 485 2035 in
528 1980 777 2034 monte
825 1971 1226 2047 Duderovo
1254 2017 1277 2058 ,
1318 1979 1391 2035 et
1437 1968 1636 2033 circa
1681 1971 2138 2036 Gatczinam.
2184 1972 2431 2038 Floret

407 2073 625 2141 Iulio.
685 2071 764 2167 21.
804 2074 1214 2156 aenflcnab
1271 2074 1896 2158 Bepfioaiucmmfi.
1944 2075 2170 2140 Russ..
2204 2075 2374 2141 Sob.

313 2323 1180 2391 CHRYSANTHEMUM.
1224 2315 1806 2408 Rece-ptaculum
1840 2317 2119 2413 nudum
2154 2340 2429 2390 conve-

411 2449 616 2512 xum,
664 2435 1134 2515 punctatum.
1167 2429 1460 2514 Pappus
1493 2424 1972 2510 marginatus‚
2004 2426 2125 2493 vel
2155 2426 2422 2491 nullus.

415 2530 641 2616 Calyx
704 2527 1330 2617 hemisphaericus
1374 2529 1831 2594 imbricatus:
1876 2529 2189 2614 squamis
2242 2551 2430 2595 mar-

413 2634 778 2720 ginalibus
818 2633 1426 2719 membranaceis,
1465 2634 1743 2699 intimis
1775 2633 2187 2702 terminatis
2228 2635 2429 2721 squa-

408 2758 530 2804 ma
567 2737 900 2806 scariosa.
954 2738 1247 2805 Semina
1293 2747 1668 2804 coronata.
1733 2809 1736 2814 .

411 2915 582 2982 550.
700 2903 1536 2968 CHRYSANTHEMUM
1625 2901 2428 2968 LEUCANTHEMUM.

410 2992 631 3067 Foliis
689 3003 1354 3091 amplexicaulibus
1396 3003 1733 3090 oblongis
1781 3003 2092 3093 superne
2133 3003 2428 3071 serratis

360 3146 370 3154 -
411 3106 699 3176 inferne
736 3110 1085 3176 dentatis·
1112 3109 1489 3201 (Germina
1516 3108 1976 3174 flosculorum
2013 3110 2424 3196 decagona,

415 3210 620 3297 stylis
659 3206 1010 3303 croceis.)
1052 3205 1219 3308 (G.)
1258 3211 1588 3279 Blackv).
1631 3211 1842 3279 herb.
1890 3224 1946 3277 t.
1991 3229 2112 3291 42.

414 3355 499 3417 In
538 3355 769 3442 pratis
813 3354 1236 3444 siccioribus
1304 3354 1653 3442 frequens
1694 3354 1820 3421 est.
1869 3353 2117 3424 Floret
2155 3353 2367 3421 Iunio
2401 3376 2424 3417 2

412 3457 633 3523 Iulio.
684 3457 762 3550 2!-
798 3460 1164 3525 Hnauonb
1217 3455 1532 3545 unbmb.
1575 3464 1782 3526 Russ.

2519 959 2588 1004 *k

413 3670 585 3737 551.
617 3613 1457 3730 CHRYSANTHEMUM
1477 3666 2005 3731 INODORUM.
2029 3657 2251 3725 Foliis
2268 3659 2431 3746 pin·
2565 3675 2569 3679 ·

356 3802 383 3818 .
417 3758 615 3824 natis
656 3762 1041 3828 multifidis
1073 3810 1119 3849 ,»
1160 3764 1369 3832 caule
1413 3768 1696 3833 ramoso
1738 3764 2027 3833 diffuso.
2074 3761 2430 3858 (Semina

418 3863 1041 3951 quadrangularia
1072 3868 1497 3954 marginata,
1531 3869 1766 3937 latere
1799 3868 2260 3937 transversim
2289 3867 2430 3930 sul-
2544 3909 2557 3919 -

419 3978 613 4034 cata.
664 3968 1073 4036 Pedunculi
1116 3969 1292 4033 nudi
1334 3973 1545 4060 apice
1590 3974 1927 4060 inprimis
1965 3972 2251 4038 sulcati.
2296 3974 2425 4038 Pe-

426 4071 594 4141 tioli
637 4073 976 4144 deorsum
1011 4072 1405 4141 latiuscnli.
1463 4077 1972 4168 Receptaculo
2013 4074 2273 4144 conico
2313 4084 2427 4140 to·
