2846 4792
475 410 566 482 84
860 401 988 466 cL.
1047 400 1171 463 v1.
1227 396 1771 463 HEXANDRIA
1828 387 2323 477 TRIGYmA.

585 578 871 670 plures»,
913 576 1348 663 inaequales
1415 576 1882 662 longitudine
1949 576 2299 645 diametri
2375 576 2608 664 ipsius

581 676 994 769 valvulae.)
1047 678 1206 773 (G.)
1260 681 1588 747 Blackw.
1621 680 1843 749 herb.
1884 692 1941 747 t.
1986 700 2154 771 491.
2191 682 2607 770 Lapathum

584 797 885 856 acutum
925 785 1199 860 officin-

578 930 901 999 Habitat·
945 930 1022 992 in
1063 927 1292 1016 pratis
1358 925 1682 997 humidis
1754 937 1832 995 et
1881 927 2068 996 locis
2142 928 2602 997 succulentis

581 1037 659 1099 in
702 1035 1005 1121 regione
1046 1032 1534 1117 Wibur'genfi,
1598 1045 1674 1098 et
1714 1033 1789 1096 in
1831 1032 2065 1099 hortis
2106 1035 2387 1122 pasfim.
2433 1035 2602 1100 Flo-

574 1150 692 1205 ret
734 1137 972 1219 Iunio,
1018 1137 1231 1201 Iulio.
1284 1132 1361 1217 21.
1402 1140 1729 1220 menen·
1787 1139 2153 1207 nonenifi.
2186 1143 2395 1205 Russ.
2436 1139 2595 1208 five

462 1280 465 1281 f
573 1262 891 1325 mesen»
950 1258 1603 1328 ocmpoamcmmu.
1665 1239 1915 1305 Sobol.

580 1422 743 1483 240.
787 1405 1101 1470 RUMEX
1165 1401 1852 1469 OBTUSlFOLIUS.
1930 1400 2264 1469 Floribus
2299 1402 2595 1473 herma-

574 1507 968 1598 phroditis·
1018 1502 1337 1571 valvulis
1379 1504 1702 1584 dentatis
1731 1504 2155 1593 graniferiS‚
2185 1507 2386 1575 foliis
2428 1530 2595 1576 cor-

571 1615 781 1679 dato·
788 1609 1175 1695 oblongis,
1244 1606 1755 1674 obtufiusculis
1819 1611 2248 1679 crenulatis.
2328 1608 2586 1709 (Sob.)

449 1765 453 1773 =
575 1717 820 1786 Cart-is
860 1716 1020 1780 Hor.
1070 1711 1299 1778 Lond.
1343 1720 1400 1776 t.
1454 1708 1620 1788 168.

571 1858 882 1925 Habitat
926 1857 1004 1920 in
1045 1854 1273 1944 pratis
1332 1852 1658 1920 humidis
1710 1853 2038 1925 fabricae
2094 1857 2350 1946 pyria'e
2397 1858 2592 1925 Och-

572 1963 834 2048 tensis,
889 1971 1046 2027 tum
1089 1961 1180 2025 ad
1224 1957 1437 2023 fossas
1511 1961 1798 2025 viarum
1867 1972 1942 2028 et
1984 1960 2143 2029 fere
2189 1963 2462 2049 ubique
2506 1964 2590 2029 in

572 2066 810 2135 hortis
879 2063 1270 2132 oleraceis.
1349 2063 1593 2131 Floret
1664 2065 1934 2152 Iunio,
1999 2065 2218 2139 Iulio.
2272 2064 2590 2155 QKor-r-

572 2170 758 2238 cxiii
836 2188 1179 2253 menen:-
1261 2168 1472 2233 Russ.
1549 2164 1882 2256 menen,
1968 2171 2578 2292 mynoamcmram.

573 2275 827 2344 Sobul·

573 2434 742 2495 241.
785 2420 1105 2485 RUMEX
1136 2416 1707 2504 AQUATrcus.
1740 2392 2072 2482 Floribus
2099 2414 2587 2504 hermaphro-
2621 2467 2630 2472 .

573 2522 779 2586 ditis:
825 2519 1149 2587 valvulis
1186 2519 1970 2606 integerrimisnudis,
2013 2520 2208 2585 foliis
2256 2520 2582 2586 cordatis

566 2624 840 2713 glabris
889 2626 1154 2692 acutis,
1232 2624 1530 2691 Semina
1569 2623 1834 2712 pappis
1874 2621 2321 2710 ferrugineis
2365 2644 2582 2690 coro-

568 2726 817 2821 nata.)
886 2723 1056 2821 (G.)
1119 2726 1447 2794 Blackw.
1519 2727 1731 2797 herb.
1803 2738 1860 2793 t.
1891 2725 1904 2738 ³
1933 2747 2105 2816 490.
2174 2728 2586 2816 Lapathum

569 2833 997 2920 aquaticum
1042 2830 1320 2916 officin.

570 2976 851 3043 Crescit
892 2973 1186 3063 copiose
1226 2972 1317 3039 ad
1362 2968 1655 3039 ductus
1683 2992 2037 3058 aquarum
2094 2984 2170 3042 et
2208 2974 2526 3062 paludes
2561 3022 2583 3061 ‚

570 3090 795 3169 atque
853 3081 927 3143 in
968 3079 1189 3162 sylvis
1244 3076 1593 3142 humidis.
1653 3075 1900 3145 Floret
1939 3072 2182 3189 Iunio,
2227 3080 2445 3145 Iulio.
2494 3077 2581 3173 Q

566 3188 896 3250 menen,
952 3202 1348 3261 sommam.
1400 3185 1610 3246 Russ.
1659 3182 1904 3247 Sobol.

567 3359 733 3423 24.2
779 3346 1101 3409 RUMEX
1139 3339 1589 3411 ACETOSA.
1636 3343 1970 3413 Floribus
2028 3332 2319 3430 dioicis,
2375 3343 2582 3411 foliis

569 3448 945 3535 oblongis,
986 3449 1387 3536 sagittatis„
1430 3447 1781 3543 (caulinis
1823 3446 2204 3533 sessilibus,
2247 3452 2582 3538 segmen-

566 3552 664 3617 tis
704 3553 1003 3638 oblique
1034 3556 1420 3636 truncatiS,
1456 3555 1896 3642 pedunculis
1931 3556 2583 3622 articulato-coar-

567 3653 851 3745 ctatiS.)
895 3651 1047 3750 (G.)
1093 3664 1351 3724 Knorr.
1396 3656 1804 3742 del.yhort.
1870 3677 1937 3726 2.
1980 3672 2038 3726 t.
2082 3665 2171 3728 A.
2226 3675 2338 3742 13.
2382 3665 2584 3730 Ace·

565 3761 721 3827 tosa
764 3761 1128 3827 officinar-

510 3941 513 3946 -
557 3907 643 3967 In
684 3905 919 3970 insula
962 3904 1443 3993 apothecaria
1483 3915 1560 3971 et
1603 3902 1879 3992 ubique
1921 3906 1995 3973 in
2037 3907 2270 3997 pratis
2310 3907 2583 3995 vulga-

560 4009 665 4075 ris
700 4011 955 4098 planta
997 4009 1122 4075 est.
1176 4010 1422 4075 Floret
1465 4009 1650 4096 majo
1684 4057 1702 4092 ,
1773 4013 2009 4078 Iunio.
2096 4010 2172 4104 24.
2234 4017 2586 4099 menen,

556 4117 765 4183 Russ:
826 4119 1156 4202 menen»
1211 4115 1565 4181 nummii.
1629 4115 1883 4182 Sobol.
1995 4136 1997 4138 ’

2429 4211 2568 4239 ,NV
